<?xml version="1.0" encoding="UTF-8"?>
<collection xmlns:xsi="http://www.w3.org/2001/XMLSchema-instance" xsi:schemaLocation="http://www.loc.gov/MARC21/slim http://www.loc.gov/standards/marcxml/schema/MARC21slim.xsd" xmlns="http://www.loc.gov/MARC21/slim">
<record>
  <leader>01686cam a22003251  4500</leader>
  <controlfield tag="001">2686997</controlfield>
  <controlfield tag="003">NNC</controlfield>
  <controlfield tag="005">20140126214234.0</controlfield>
  <controlfield tag="008">880517s1961    sy ac    b    000 0 ara c</controlfield>
  <datafield tag="010" ind1=" " ind2=" ">
    <subfield code="a">ne 63001631 </subfield>
  </datafield>
  <datafield tag="035" ind1=" " ind2=" ">
    <subfield code="a">(OCoLC)505737717</subfield>
  </datafield>
  <datafield tag="035" ind1=" " ind2=" ">
    <subfield code="a">(OCoLC)ocn505737717</subfield>
  </datafield>
  <datafield tag="035" ind1=" " ind2=" ">
    <subfield code="9">ARD6625CU</subfield>
  </datafield>
  <datafield tag="035" ind1=" " ind2=" ">
    <subfield code="a">(NNC)2686997</subfield>
  </datafield>
  <datafield tag="040" ind1=" " ind2=" ">
    <subfield code="a">Princeton Univ. Libr.</subfield>
    <subfield code="c">TxU</subfield>
    <subfield code="d">TxU</subfield>
    <subfield code="d">MH</subfield>
    <subfield code="d">CStRLIN</subfield>
    <subfield code="d">CtY</subfield>
    <subfield code="d">EG-CaAUA</subfield>
  </datafield>
  <datafield tag="050" ind1=" " ind2="0">
    <subfield code="a">DS98</subfield>
    <subfield code="b">.S2</subfield>
  </datafield>
  <datafield tag="066" ind1=" " ind2=" ">
    <subfield code="c">(3</subfield>
  </datafield>
  <datafield tag="090" ind1=" " ind2=" ">
    <subfield code="a">DS98</subfield>
    <subfield code="b">.S2 1961</subfield>
  </datafield>
  <datafield tag="100" ind1="1" ind2=" ">
    <subfield code="6">880-01</subfield>
    <subfield code="a">Safarjalānī, Muḥyī al-Dīn,</subfield>
    <subfield code="d">1913-1992.</subfield>
  </datafield>
  <datafield tag="245" ind1="1" ind2="0">
    <subfield code="6">880-02</subfield>
    <subfield code="a">Tārīkh al-thawrah al-Sūrīyah :</subfield>
    <subfield code="b">safaḥāt khā;idah min rawāʾiʻ kifāḥ al-ʻarab fī sabīl al-ḥurrīyah wa al-istiqlāl wa al-wiḥdah hiya lil-istiʻmār al-firinsī saḥāʾif sawdāʾ</subfield>
    <subfield code="c">Muḥyī al-Dīn al-Safarjalānī.</subfield>
  </datafield>
  <datafield tag="260" ind1=" " ind2=" ">
    <subfield code="6">880-03</subfield>
    <subfield code="a">[Dimashq] :</subfield>
    <subfield code="b">Dār al-Yaqẓah al-ʻArabīyah lil-Taʾlīf wa-al-Tarjamah wa-al-Nashr,</subfield>
    <subfield code="c">1961</subfield>
  </datafield>
  <datafield tag="300" ind1=" " ind2=" ">
    <subfield code="a">643 p. (i.e. 642)</subfield>
    <subfield code="b">illus. ports.</subfield>
    <subfield code="c">24 cm.</subfield>
  </datafield>
  <datafield tag="500" ind1=" " ind2=" ">
    <subfield code="a">History of the Syrian revolution.</subfield>
  </datafield>
  <datafield tag="504" ind1=" " ind2=" ">
    <subfield code="a">Includes bibliographical references (p. 641)</subfield>
  </datafield>
  <datafield tag="651" ind1=" " ind2="0">
    <subfield code="a">Syria</subfield>
    <subfield code="x">History.</subfield>
  </datafield>
  <datafield tag="880" ind1="1" ind2=" ">
    <subfield code="6">100-01/(3/r</subfield>
    <subfield code="a">سفرجلاني، محي الدين،</subfield>
    <subfield code="d">1913-1992.</subfield>
  </datafield>
  <datafield tag="880" ind1="1" ind2="0">
    <subfield code="6">245-02/(3/r</subfield>
    <subfield code="a">تاريخ الثورة السورية :</subfield>
    <subfield code="b">صفحات خالدة من روائع كفاح العرب في سبيل الحرية والإستقلال والوحدة هي للاستعمار الفرنسي صحائف سوداء /</subfield>
    <subfield code="c">محيي الدين السفرجلاني.</subfield>
  </datafield>
  <datafield tag="880" ind1=" " ind2=" ">
    <subfield code="6">260-03/(3/r</subfield>
    <subfield code="a">[دمشق] :</subfield>
    <subfield code="b">دار اليقظة العربية للتأليف والترجمة والنشر،</subfield>
    <subfield code="c">1961.</subfield>
  </datafield>
  <datafield tag="955" ind1=" " ind2=" ">
    <subfield code="b">0022482865</subfield>
    <subfield code="d">glx</subfield>
    <subfield code="e">956.9 Sa16</subfield>
  </datafield>
</record>
</collection>